@inproceedings{Franklin:2011:CAQ:1989323.1989331,
 author = {Franklin, Michael J. and Kossmann, Donald and Kraska, Tim and Ramesh, Sukriti and Xin, Reynold},
 title = {CrowdDB: Answering Queries with Crowdsourcing},
 booktitle = {Proceedings of the 2011 ACM SIGMOD International Conference on Management of Data},
 series = {SIGMOD '11},
 year = {2011},
 isbn = {978-1-4503-0661-4},
 location = {Athens, Greece},
 pages = {61--72},
 numpages = {12},
 url = {http://doi.acm.org/10.1145/1989323.1989331},
 doi = {10.1145/1989323.1989331},
 acmid = {1989331},
 publisher = {ACM},
 address = {New York, NY, USA},
 keywords = {architecture, crowd, crowdsourcing, database, hybrid system, query processing},
}

@inproceedings{Sikka:2012:ETP:2213836.2213946,
 author = {Sikka, Vishal and F\"{a}rber, Franz and Lehner, Wolfgang and Cha, Sang Kyun and Peh, Thomas and Bornh\"{o}vd, Christof},
 title = {Efficient Transaction Processing in SAP HANA Database: The End of a Column Store Myth},
 booktitle = {Proceedings of the 2012 ACM SIGMOD International Conference on Management of Data},
 series = {SIGMOD '12},
 year = {2012},
 isbn = {978-1-4503-1247-9},
 location = {Scottsdale, Arizona, USA},
 pages = {731--742},
 numpages = {12},
 url = {http://doi.acm.org/10.1145/2213836.2213946},
 doi = {10.1145/2213836.2213946},
 acmid = {2213946},
 publisher = {ACM},
 address = {New York, NY, USA},
 keywords = {column store, sap hana, transaction processing},
}

@inproceedings{Kemper:2011:HHO:2004686.2005619,
 author = {Kemper, Alfons and Neumann, Thomas},
 title = {HyPer: A Hybrid OLTP\&OLAP Main Memory Database System Based on Virtual Memory Snapshots},
 booktitle = {Proceedings of the 2011 IEEE 27th International Conference on Data Engineering},
 series = {ICDE '11},
 year = {2011},
 isbn = {978-1-4244-8959-6},
 pages = {195--206},
 numpages = {12},
 url = {http://dx.doi.org/10.1109/ICDE.2011.5767867},
 doi = {10.1109/ICDE.2011.5767867},
 acmid = {2005619},
 publisher = {IEEE Computer Society},
 address = {Washington, DC, USA},
}

@inproceedings{Abouzied:2013:ILA:2452376.2452377,
 author = {Abouzied, Azza and Abadi, Daniel J. and Silberschatz, Avi},
 title = {Invisible Loading: Access-driven Data Transfer from Raw Files into Database Systems},
 booktitle = {Proceedings of the 16th International Conference on Extending Database Technology},
 series = {EDBT '13},
 year = {2013},
 isbn = {978-1-4503-1597-5},
 location = {Genoa, Italy},
 pages = {1--10},
 numpages = {10},
 url = {http://doi.acm.org/10.1145/2452376.2452377},
 doi = {10.1145/2452376.2452377},
 acmid = {2452377},
 publisher = {ACM},
 address = {New York, NY, USA},
} 

@inproceedings{Alagiannis:2012:NEQ:2213836.2213864,
 author = {Alagiannis, Ioannis and Borovica, Renata and Branco, Miguel and Idreos, Stratos and Ailamaki, Anastasia},
 title = {NoDB: Efficient Query Execution on Raw Data Files},
 booktitle = {Proceedings of the 2012 ACM SIGMOD International Conference on Management of Data},
 series = {SIGMOD '12},
 year = {2012},
 isbn = {978-1-4503-1247-9},
 location = {Scottsdale, Arizona, USA},
 pages = {241--252},
 numpages = {12},
 url = {http://doi.acm.org/10.1145/2213836.2213864},
 doi = {10.1145/2213836.2213864},
 acmid = {2213864},
 publisher = {ACM},
 address = {New York, NY, USA},
 keywords = {adaptive loading, in situ querying, positional map},
} 


@TECHREPORT{Zaharia11resilientdistributed,
    author = {Matei Zaharia and Mosharaf Chowdhury and Tathagata Das and Ankur Dave and Justin Ma and Murphy Mccauley and Michael J. Franklin and Scott Shenker and Ion Stoica},
    title = {Resilient distributed datasets: A fault-tolerant abstraction for in-memory cluster computing},
    institution = {},
    year = {2011}
}

@inproceedings{Malewicz:2010:PSL:1807167.1807184,
 author = {Malewicz, Grzegorz and Austern, Matthew H. and Bik, Aart J.C and Dehnert, James C. and Horn, Ilan and Leiser, Naty and Czajkowski, Grzegorz},
 title = {Pregel: a system for large-scale graph processing},
 booktitle = {Proceedings of the 2010 ACM SIGMOD International Conference on Management of data},
 series = {SIGMOD '10},
 year = {2010},
 isbn = {978-1-4503-0032-2},
 location = {Indianapolis, Indiana, USA},
 pages = {135--146},
 numpages = {12},
 url = {http://doi.acm.org/10.1145/1807167.1807184},
 doi = {10.1145/1807167.1807184},
 acmid = {1807184},
 publisher = {ACM},
 address = {New York, NY, USA},
 keywords = {distributed computing, graph algorigthms},
} 

@article{Abouzeid:2009:HAH:1687627.1687731,
 author = {Abouzeid, Azza and Bajda-Pawlikowski, Kamil and Abadi, Daniel and Silberschatz, Avi and Rasin, Alexander},
 title = {HadoopDB: an architectural hybrid of MapReduce and DBMS technologies for analytical workloads},
 journal = {Proc. VLDB Endow.},
 issue_date = {August 2009},
 volume = {2},
 number = {1},
 month = aug,
 year = {2009},
 issn = {2150-8097},
 pages = {922--933},
 numpages = {12},
 url = {http://dl.acm.org/citation.cfm?id=1687627.1687731},
 acmid = {1687731},
 publisher = {VLDB Endowment},
}

@inproceedings{Pavlo:2009:CAL:1559845.1559865,
 author = {Pavlo, Andrew and Paulson, Erik and Rasin, Alexander and Abadi, Daniel J. and DeWitt, David J. and Madden, Samuel and Stonebraker, Michael},
 title = {A comparison of approaches to large-scale data analysis},
 booktitle = {Proceedings of the 2009 ACM SIGMOD International Conference on Management of data},
 series = {SIGMOD '09},
 year = {2009},
 isbn = {978-1-60558-551-2},
 location = {Providence, Rhode Island, USA},
 pages = {165--178},
 numpages = {14},
 url = {http://doi.acm.org/10.1145/1559845.1559865},
 doi = {10.1145/1559845.1559865},
 acmid = {1559865},
 publisher = {ACM},
 address = {New York, NY, USA},
 keywords = {benchmarks, mapreduce, parallel database},
}

@INPROCEEDINGS{Barham:2003:XAV:945445.945462,
  author = {Barham, Paul and Dragovic, Boris and Fraser, Keir and Hand, Steven
	and Harris, Tim and Ho, Alex and Neugebauer, Rolf and Pratt, Ian
	and Warfield, Andrew},
  title = {Xen and the art of virtualization},
  booktitle = {Proceedings of the nineteenth ACM symposium on Operating systems
	principles},
  year = {2003},
  series = {SOSP '03},
  pages = {164--177},
  address = {New York, NY, USA},
  publisher = {ACM},
  acmid = {945462},
  doi = {10.1145/945445.945462},
  file = {:/home/jinliang/Work/materials/paper-read.git/Barham-SOSP-2003.pdf:PDF},
  isbn = {1-58113-757-5},
  keywords = {hypervisors, paravirtualization, virtual machine monitors},
  location = {Bolton Landing, NY, USA},
  numpages = {14},
  url = {http://doi.acm.org/10.1145/945445.945462}
}

@inproceedings{Qureshi:2006:UCP:1194816.1194855,
 author = {Qureshi, Moinuddin K. and Patt, Yale N.},
 title = {Utility-Based Cache Partitioning: A Low-Overhead, High-Performance, Runtime Mechtanism to Partition Shared Caches},
 booktitle = {Proceedings of the 39th Annual IEEE/ACM International Symposium on Microarchitecture},
 series = {MICRO 39},
 year = {2006},
 isbn = {0-7695-2732-9},
 pages = {423--432},
 numpages = {10},
 url = {http://dx.doi.org/10.1109/MICRO.2006.49},
 doi = {10.1109/MICRO.2006.49},
 acmid = {1194855},
 publisher = {IEEE Computer Society},
 address = {Washington, DC, USA},
} 

@article{Qureshi:2006:CMC:1150019.1136501,
 author = {Qureshi, Moinuddin K. and Lynch, Daniel N. and Mutlu, Onur and Patt, Yale N.},
 title = {A Case for MLP-Aware Cache Replacement},
 journal = {SIGARCH Comput. Archit. News},
 issue_date = {May 2006},
 volume = {34},
 number = {2},
 month = may,
 year = {2006},
 issn = {0163-5964},
 pages = {167--178},
 numpages = {12},
 url = {http://doi.acm.org/10.1145/1150019.1136501},
 doi = {10.1145/1150019.1136501},
 acmid = {1136501},
 publisher = {ACM},
 address = {New York, NY, USA},
} 

@inproceedings{conf/IEEEpact/MoretoCRV07,
  added-at = {2008-08-20T00:00:00.000+0200},
  author = {Moreto, Miquel and Cazorla, Francisco J. and Ramirez, Alex and Valero, Mateo},
  biburl = {http://www.bibsonomy.org/bibtex/20a252081a79e09cf1ff9890137459b66/dblp},
  booktitle = {PACT},
  date = {2008-08-20},
  description = {dblp},
  ee = {http://doi.ieeecomputersociety.org/10.1109/PACT.2007.49},
  interhash = {f71a82b1006d78bcd18c3daee5b6266f},
  intrahash = {0a252081a79e09cf1ff9890137459b66},
  keywords = {dblp},
  pages = 418,
  publisher = {IEEE Computer Society},
  timestamp = {2008-08-20T00:00:00.000+0200},
  title = {MLP-Aware Dynamic Cache Partitioning.},
  url = {http://dblp.uni-trier.de/db/conf/IEEEpact/IEEEpact2007.html#MoretoCRV07},
  year = 2007
}

@inproceedings{DBLP:conf/IEEEpact/LuLDZZS09,
  author    = {Qingda Lu and
               Jiang Lin and
               Xiaoning Ding and
               Zhao Zhang and
               Xiaodong Zhang and
               P. Sadayappan},
  title     = {Soft-OLP: Improving Hardware Cache Performance through Software-Controlled
               Object-Level Partitioning},
  booktitle = {PACT},
  year      = {2009},
  pages     = {246-257},
  ee        = {http://doi.ieeecomputersociety.org/10.1109/PACT.2009.35},
  crossref  = {DBLP:conf/IEEEpact/2009},
  bibsource = {DBLP, http://dblp.uni-trier.de}
}

@inproceedings{conf/IEEEpact/BeckmannS13,
  added-at = {2013-10-15T00:00:00.000+0200},
  author = {Beckmann, Nathan and Sanchez, Daniel},
  biburl = {http://www.bibsonomy.org/bibtex/299e92369851f87f343e07cffaeb8803d/dblp},
  booktitle = {PACT},
  ee = {http://dx.doi.org/10.1109/PACT.2013.6618818},
  interhash = {d083cdf44f0bc6961698b6a134bf22e7},
  intrahash = {99e92369851f87f343e07cffaeb8803d},
  isbn = {978-1-4799-1018-2},
  keywords = {dblp},
  pages = {213-224},
  publisher = {IEEE},
  timestamp = {2013-10-15T00:00:00.000+0200},
  title = {Jigsaw: Scalable software-defined caches.},
  url = {http://dblp.uni-trier.de/db/conf/IEEEpact/pact2013.html#BeckmannS13},
  year = 2013
}

@inproceedings{Ipek:2008:SMC:1381306.1382172,
 author = {Ipek, Engin and Mutlu, Onur and Mart\'{\i}nez, Jos{\'e} F. and Caruana, Rich},
 title = {Self-Optimizing Memory Controllers: A Reinforcement Learning Approach},
 booktitle = {Proceedings of the 35th Annual International Symposium on Computer Architecture},
 series = {ISCA '08},
 year = {2008},
 isbn = {978-0-7695-3174-8},
 pages = {39--50},
 numpages = {12},
 url = {http://dx.doi.org/10.1109/ISCA.2008.21},
 doi = {10.1109/ISCA.2008.21},
 acmid = {1382172},
 publisher = {IEEE Computer Society},
 address = {Washington, DC, USA},
 keywords = {Chip Multiprocessors, Memory Systems, Memory Controller, Machine Learning, Reinforcement Learning},
} 

@article{10.1109/MM.2008.48,
  added-at = {2008-08-17T17:34:32.000+0200},
  address = {Los Alamitos, CA, USA},
  author = {Knauerhase, Rob and Brett, Paul and Hohlt, Barbara and Li, Tong and Hahn, Scott},
  biburl = {http://www.bibsonomy.org/bibtex/291dab2afaee1da8295db4a9892ba65c7/gron},
  description = {Using OS Observations to Improve Performance in Multicore Systems},
  doi = {http://doi.ieeecomputersociety.org/10.1109/MM.2008.48},
  interhash = {4eef460d43afae43c918e5a993553dd8},
  intrahash = {91dab2afaee1da8295db4a9892ba65c7},
  issn = {0272-1732},
  journal = {IEEE Micro},
  keywords = {Adaptation Dynamic MultiCore OS PhD Proposal},
  number = 3,
  pages = {54-66},
  publisher = {IEEE Computer Society},
  timestamp = {2008-08-17T17:34:32.000+0200},
  title = {Using OS Observations to Improve Performance in Multicore Systems},
  volume = 28,
  year = 2008
}

@inproceedings{mediabench,
	author = {C. Lee and M. Potkonjak and W. H. Mangione-Smith},
	title = {MediaBench: A Tool for Evaluating and Synthesizing
		Multimedia and Communications Systems},
	booktitle = {Proc. of the 30th Int'l Symposium on Microarchitecture},
	month = {Dec.},
	year = {1997}
}

@misc{cachegrind,
  title = {Cachegrind: a cache and branch-prediction profiler},
  author = {Julian Seward and et. al},
  howpublished = {\url{http://valgrind.org/docs/manual/cg-manual.html}},
  note = {Accessed: 2013-12}
}

@inproceedings{multi2sim,
	author = { Ubal, Rafael and Jang, Byunghyun and Mistry, Perhaad and Schaa,
		Dana and Kaeli, David },
	title = {{ Multi2Sim: A Simulation Framework for CPU-GPU Computing }},
	booktitle = { Proc. of the 21st International Conference on Parallel
		Architectures and Compilation Techniques },
	month = { Sep. },
	year = { 2012 }
}